<record><leader>00000cas a22000007a 4500</leader><controlfield tag="001">26571818</controlfield><controlfield tag="008">920910d19361937cauuu ne      0    0eng d</controlfield><datafield ind1=" " ind2=" " tag="010"><subfield code="a">sn 92069440 </subfield></datafield><datafield ind1=" " ind2=" " tag="040"><subfield code="a">CUY</subfield><subfield code="b">eng</subfield><subfield code="c">CNK</subfield><subfield code="d">OCLCQ</subfield><subfield code="d">CRU</subfield><subfield code="d">OCLCQ</subfield><subfield code="d">OCLCF</subfield><subfield code="d">OCLCO</subfield></datafield><datafield ind1="1" ind2=" " tag="029"><subfield code="a">AU@</subfield><subfield code="b">000020735986</subfield></datafield><datafield ind1=" " ind2=" " tag="042"><subfield code="a">msc</subfield></datafield><datafield ind1=" " ind2=" " tag="043"><subfield code="a">n-us-ca</subfield></datafield><datafield ind1="1" ind2="4" tag="050"><subfield code="a">AN1.C36</subfield><subfield code="b">L3</subfield></datafield><datafield ind1="0" ind2=" " tag="130"><subfield code="a">Labor action (San Francisco, Calif.)</subfield></datafield><datafield ind1="1" ind2="0" tag="245"><subfield code="a">Labor action.</subfield></datafield><datafield ind1=" " ind2=" " tag="260"><subfield code="a">San Francisco, Calif. :</subfield><subfield code="b">Labor Action Pub. Assn.</subfield></datafield><datafield ind1=" " ind2=" " tag="300"><subfield code="a">v.</subfield></datafield><datafield ind1="0" ind2=" " tag="362"><subfield code="a">Vol. 1, no. 1 (Nov. 28, 1936)-v. 1, no. 6 (May 1, 1937).</subfield></datafield><datafield ind1=" " ind2=" " tag="550"><subfield code="a">Official publication of: the Socialist Party of California.</subfield></datafield><datafield ind1=" " ind2="0" tag="650"><subfield code="a">Socialism</subfield><subfield code="z">California</subfield><subfield code="v">Newspapers.</subfield></datafield><datafield ind1=" " ind2="0" tag="650"><subfield code="a">Labor movement</subfield><subfield code="z">California</subfield><subfield code="v">Newspapers.</subfield></datafield><datafield ind1=" " ind2="4" tag="651"><subfield code="a">San Francisco County (Calif.)</subfield><subfield code="v">Newspapers.</subfield></datafield><datafield ind1=" " ind2="7" tag="655"><subfield code="a">Newspapers.</subfield><subfield code="2">fast</subfield><subfield code="0">(OCoLC)fst01423814</subfield></datafield><datafield ind1=" " ind2="7" tag="650"><subfield code="a">Labor movement.</subfield><subfield code="2">fast</subfield><subfield code="0">(OCoLC)fst00990079</subfield></datafield><datafield ind1=" " ind2="7" tag="650"><subfield code="a">Socialism.</subfield><subfield code="2">fast</subfield><subfield code="0">(OCoLC)fst01123637</subfield></datafield><datafield ind1=" " ind2="7" tag="651"><subfield code="a">California.</subfield><subfield code="2">fast</subfield><subfield code="0">(OCoLC)fst01204928</subfield></datafield><datafield ind1="2" ind2=" " tag="710"><subfield code="a">Socialist Party of California.</subfield></datafield><datafield ind1=" " ind2=" " tag="752"><subfield code="a">United States</subfield><subfield code="b">California</subfield><subfield code="c">San Francisco</subfield><subfield code="d">San Francisco.</subfield></datafield></record>